<record><leader>00000cas a2200000   4500</leader><controlfield tag="001">5371828</controlfield><controlfield tag="008">790913d197919uumiuwr ne      0   a0eng d</controlfield><controlfield tag="009">467</controlfield><datafield ind1=" " ind2=" " tag="010"><subfield code="a">sn 79007601 </subfield></datafield><datafield ind1=" " ind2=" " tag="040"><subfield code="a">NSD</subfield><subfield code="b">eng</subfield><subfield code="c">NSD</subfield><subfield code="d">OCL</subfield><subfield code="d">OCLCQ</subfield></datafield><datafield ind1=" " ind2=" " tag="012"><subfield code="k">1</subfield><subfield code="m">d</subfield></datafield><datafield ind1="1" ind2=" " tag="022"><subfield code="a">0195-2129</subfield><subfield code="l">0195-2129</subfield><subfield code="2">1</subfield></datafield><datafield ind1="1" ind2=" " tag="029"><subfield code="a">AU@</subfield><subfield code="b">000020269858</subfield></datafield><datafield ind1=" " ind2=" " tag="042"><subfield code="a">nsdp</subfield></datafield><datafield ind1=" " ind2="4" tag="222"><subfield code="a">The Brighton-Hartland sun herald</subfield></datafield><datafield ind1="0" ind2="4" tag="245"><subfield code="a">The Brighton-Hartland sun herald.</subfield></datafield><datafield ind1="3" ind2=" " tag="246"><subfield code="a">Brighton Hartland sun herald</subfield></datafield><datafield ind1=" " ind2=" " tag="260"><subfield code="a">Howell, Mich.,</subfield><subfield code="b">Livingston County Press</subfield></datafield><datafield ind1="0" ind2=" " tag="362"><subfield code="a">v. 1, no. 14-   Sept. 5, 1979-</subfield></datafield><datafield ind1=" " ind2=" " tag="580"><subfield code="a">Formed by the union of: Brighton sun, and: the Hartland area herald, ISSN 0191-684X.</subfield></datafield><datafield ind1="1" ind2="4" tag="780"><subfield code="t">Brighton sun</subfield></datafield><datafield ind1="1" ind2="4" tag="780"><subfield code="t">Hartland area herald</subfield><subfield code="x">0191-684X</subfield></datafield><datafield ind1=" " ind2=" " tag="936"><subfield code="a">Sept. 5, 1979</subfield></datafield></record>